<?xml version="1.0" encoding="UTF-8"?><collection xmlns="http://www.loc.gov/MARC21/slim"><record><leader>00365nam--2200133-i-4500</leader><controlfield tag="001">000013914</controlfield><controlfield tag="002">20161230</controlfield><controlfield tag="005">20161230201030</controlfield><controlfield tag="008">060222s1000------------r-----000-0-eng-d</controlfield><datafield ind1=" " ind2=" " tag="100"><subfield code="a">Curea, Ioan</subfield></datafield><datafield ind1=" " ind2=" " tag="245"><subfield code="a">Die horizontalseimometer der neuen erdbebenwaerte in timisoara</subfield></datafield><datafield ind1=" " ind2=" " tag="260"><subfield code="a">Timisoara, Tipografia Romaneasca, 1944</subfield></datafield><datafield ind1=" " ind2=" " tag="490"><subfield code="a">13p</subfield></datafield><datafield ind1=" " ind2=" " tag="852"><subfield code="a">550.34.038.8(498)</subfield></datafield></record></collection>